<?xml version="1.0" encoding="UTF-8"?><collection xmlns="http://www.loc.gov/MARC21/slim"><record><leader>00535nam--2200181-i-4500</leader><controlfield tag="001">000032099</controlfield><controlfield tag="002">20161230</controlfield><controlfield tag="005">20161230201039</controlfield><controlfield tag="008">060222s1000------------r-----000-0-eng-d</controlfield><datafield ind1=" " ind2=" " tag="080"><subfield code="a">539.141:530.145.6</subfield></datafield><datafield ind1="1" ind2=" " tag="100"><subfield code="a">March, N.H</subfield></datafield><datafield ind1="1" ind2="0" tag="245"><subfield code="a">The many-body problem in quantum mechanics</subfield><subfield code="c">N.h. march, w.h. young, s. sampanthar</subfield></datafield><datafield ind1=" " ind2=" " tag="260"><subfield code="a">Cambridge</subfield><subfield code="b">The University Press</subfield><subfield code="c">1967</subfield></datafield><datafield ind1=" " ind2=" " tag="300"><subfield code="a">IX + 459P</subfield></datafield><datafield ind1=" " ind2=" " tag="490"><subfield code="a">Cambridge Monographs Of Physics</subfield></datafield><datafield ind1="1" ind2=" " tag="700"><subfield code="a">Sampanthar, S</subfield></datafield><datafield ind1=" " ind2=" " tag="852"><subfield code="a">28322</subfield><subfield code="c">539.141</subfield></datafield><datafield ind1=" " ind2=" " tag="CAT"><subfield code="a">Sys</subfield><subfield code="c">20120418</subfield><subfield code="h">101058</subfield></datafield></record></collection>